@book{ stallings,
author = "William Stallings",
title = "Operating Systems, Internals and Design Priciples",
edition = "6th",
publisher = "Pearson Prentice Hall",
year = 2009
}

@electronic{vmware,
title = "VMware vMotion",
url = "http://www.vmware.com/products/datacenter-virtualization/vsphere/vmotion.html#",
organization = "VMware, Inc."
}

@electronic{wikipedia-migration,
title = "Live Migration",
url = "http://en.wikipedia.org/wiki/Live_migration",
organization = "Wikipedia",
}

@electronic{wikipedia-semaphore,
title = "Semaphore (programming)",
url = "http://en.wikipedia.org/wiki/Semaphore_(programming)",
organization = "Wikipedia",
}

@article{fos,
 author = {Wentzlaff, David and Agarwal, Anant},
 title = {Factored operating systems (fos): the case for a scalable operating system for multicores},
 journal = {SIGOPS Oper. Syst. Rev.},
 issue_date = {April 2009},
 volume = {43},
 number = {2},
 month = apr,
 year = {2009},
 issn = {0163-5980},
 pages = {76--85},
 numpages = {10},
 url = {http://doi.acm.org/10.1145/1531793.1531805},
 doi = {10.1145/1531793.1531805},
 acmid = {1531805},
 publisher = {ACM},
 address = {New York, NY, USA},
 keywords = {factored operating system, multicore operating systems},
}



@inproceedings{barrelfish,
 author = {Baumann, Andrew and Barham, Paul and Dagand, Pierre-Evariste and Harris, Tim and Isaacs, Rebecca and Peter, Simon and Roscoe, Timothy and Sch\"{u}pbach, Adrian and Singhania, Akhilesh},
 title = {The multikernel: a new OS architecture for scalable multicore systems},
 booktitle = {Proceedings of the ACM SIGOPS 22nd symposium on Operating systems principles},
 series = {SOSP '09},
 year = {2009},
 isbn = {978-1-60558-752-3},
 location = {Big Sky, Montana, USA},
 pages = {29--44},
 numpages = {16},
 url = {http://doi.acm.org/10.1145/1629575.1629579},
 doi = {10.1145/1629575.1629579},
 acmid = {1629579},
 publisher = {ACM},
 address = {New York, NY, USA},
 keywords = {message passing, multicore processors, scalability},
}
